@generic{Spong2006,
   author = {Mark W. Spong and Seth Hutchinson and M. Vidyasagar},
   doi = {10.1109/MCS.2006.252815},
   issn = {1066033X},
   issue = {6},
   journal = {IEEE Control Systems},
   title = {Robot modeling and control},
   volume = {26},
   year = {2006},
}