 @book{youtube_2014,
    title={LBR iiwa - Adaptive Assembly},
    url={LBR iiwa - Adaptive Assembly},
    journal={YouTube},
    publisher={KUKA YouTube},
    year={2014},
    month={Sep}
} 